% empty
@article{heine2004anatomy,
author={Heine, Patricia A},
title={Anatomy of the ear},
year={2004},
journal={Vet Clin Small Anim},
pages={379--395}
}

@article{hines2017soft,
author={Hines, Lindsey and Peterson, K and Lum, Guo Zhan and Sitti, Metin},
title={Soft actuators for small-scale robotics},
year={2017},
journal={Advanced Materials},
volume={29},
pages={1603483}
}

@article{schouten2019principles,
author={Schouten, Girmi and Steckel, Jan},
title={Principles of biological echolocation applied to radar sensing},
year={2019},
journal={{IEEE} Signal Processing Magazine},
pages={98--111}
}



@mastersthesis{pannala2013investigation,
author={Pannala, Mittu},
title={Investigation of Dynamic Ultrasound Reception in Bat Biosonar Using a Biomimetic Pinna Model},
year={2013},
school={Virginia Polytechnic Institute and State University}
}

@article{pannala2013interplay,
author={Pannala, Mittu and Meymand, Sajjad Zeinoddini and M{\"u}ller, Rolf},
year={2013},
title={Interplay of static and dynamic features in biomimetic smart ears},
journal={Bioinspir. Biomim.},
volume={8},
pages={026008},
doi={10.1088/1748-3192/8/2/026008}
}
