@article{Schouten2019,
author = {Schouten, Girmi and Steckel, Jan},
doi = {10.1109/MSP.2019.2903274},
file = {:home/evangeli/Documents/Mendeley Desktop/Schouten, Steckel/IEEE Signal Processing Magazine/Schouten, Steckel - 2019 - Principles of Biological Echolocation Applied to Radar Sensing Applying biomimetic sensors to achieve autonom.pdf:pdf},
issn = {1053-5888},
journal = {IEEE Signal Processing Magazine},
number = {4},
pages = {98--111},
publisher = {IEEE},
title = {{Principles of Biological Echolocation Applied to Radar Sensing: Applying biomimetic sensors to achieve autonomous navigation}},
url = {https://ieeexplore.ieee.org/document/8746859/},
volume = {36},
year = {2019}
}
@inproceedings{ghose2001multimodal,
author = {Ghose, Kaushik and Zotkin, Dmitry and Duraiswami, Ramani and Moss, Cynthia F},
booktitle = {Acoustics, Speech, and Signal Processing, 2001. Proceedings.(ICASSP'01). 2001 IEEE International Conference on},
organization = {IEEE},
pages = {3057--3060},
title = {{Multimodal localization of a flying bat}},
volume = {5},
year = {2001}
}
@article{barrere2002compact,
author = {Barr{\`{e}}re, Jean and Chabriel, Gilles},
journal = {IEEE Transactions on Circuits and Systems I: Fundamental Theory and Applications},
number = {5},
pages = {565--574},
publisher = {IEEE},
title = {{A compact sensor array for blind separation of sources}},
volume = {49},
year = {2002}
}
@inproceedings{ishi2013using,
author = {Ishi, Carlos T and Even, Jani and Hagita, Norihiro},
booktitle = {Intelligent Robots and Systems (IROS), 2013 IEEE/RSJ International Conference on},
pages = {3937--3942},
title = {{Using multiple microphone arrays and reflections for 3{\{}D{\}} localization of sound sources}},
year = {2013}
}
@inproceedings{gustafsson2003positioning,
author = {Gustafsson, Fredrik and Gunnarsson, Fredrik},
booktitle = {IEEE International Conference on Acoustics, Speech, and Signal Processing},
pages = {553--556},
title = {{Positioning using time-difference of arrival measurements.}},
volume = {6},
year = {2003}
}
@article{petho2013shotspotter,
author = {Petho, A and Fallis, D S and Keating, D},
journal = {Washington Post},
title = {{Shot{\{}S{\}}potter detection system documents 39,000 shooting incidents in the {\{}D{\}}istrict}},
year = {2014}
}
@article{lei2016passive,
author = {Lei, Zhixiong and Yang, Kunde and Ma, Yuanliang},
doi = {10.1121/1.4954053},
journal = {The Journal of the Acoustical Society of America},
number = {6},
pages = {EL196--EL201},
title = {{Passive localization in the deep ocean based on cross-correlation function matching}},
volume = {139},
year = {2016}
}
@article{lindgren2010shooter,
author = {Lindgren, David and Wilsson, Olof and Gustafsson, Fredrik and Habberstad, Hans},
doi = {10.1155/2010/690732},
journal = {EURASIP Journal on Advances in Signal Processing},
pages = {690732},
title = {{Shooter Localization in Wireless Microphone Networks}},
volume = {2010},
year = {2010}
}
@article{Kim2013,
author = {Kim, Sangbae and Laschi, Cecilia and Trimmer, Barry},
journal = {Trends in biotechnology},
keywords = {002,0167-7799,03,10,1016,2013,all rights reserved,bio-inspired robot,doi,dx,http,j,org,see front matter,soft robotics,tibtech,{\ss}2013 elsevier ltd},
number = {5},
pages = {287--294},
title = {{Soft Robotics: a Bioinpired Evolution in Robotics}},
url = {http://www.sciencedirect.com/science/article/pii/S0167779913000632},
volume = {31},
year = {2013}
}
@article{Bandara2019,
author = {Bandara, Rathnayaka Mudiyanselage Amila Subhashinie and Torrey, Stephanie and Turner, Patricia V. and Schwean-Lardner, Karen and Widowski, Tina M.},
doi = {10.3389/fvets.2019.00089},
file = {:home/evangeli/Documents/Mendeley Desktop/Bandara et al/Frontiers in Veterinary Science/fvets-06-00089.pdf:pdf},
issn = {2297-1769},
journal = {Frontiers in Veterinary Science},
keywords = {brain death,brain hemorrhage,brain stem reflexes,cardiac arrest,euthanasia,euthanasia, brain hemorrhage, brain stem reflexes,,insensibility},
number = {March},
pages = {1--14},
title = {{Anatomical Pathology, Behavioral, and Physiological Responses Induced by Application of Non-penetrating Captive Bolt Devices in Layer Chickens}},
url = {https://www.frontiersin.org/article/10.3389/fvets.2019.00089/full},
volume = {6},
year = {2019}
}
